%YAML 1.1
%TAG !u! tag:unity3d.com,2011:
--- !u!1 &6486489036943273883
GameObject:
  m_ObjectHideFlags: 0
  m_CorrespondingSourceObject: {fileID: 0}
  m_PrefabInstance: {fileID: 0}
  m_PrefabAsset: {fileID: 0}
  serializedVersion: 6
  m_Component:
  - component: {fileID: 3652553539906401635}
  - component: {fileID: 5969402864128519537}
  - component: {fileID: 734277168417802072}
  - component: {fileID: 1445658699468014209}
  - component: {fileID: 5451961256596320460}
  m_Layer: 0
  m_Name: Player
  m_TagString: Untagged
  m_Icon: {fileID: 0}
  m_NavMeshLayer: 0
  m_StaticEditorFlags: 0
  m_IsActive: 1
--- !u!4 &3652553539906401635
Transform:
  m_ObjectHideFlags: 0
  m_CorrespondingSourceObject: {fileID: 0}
  m_PrefabInstance: {fileID: 0}
  m_PrefabAsset: {fileID: 0}
  m_GameObject: {fileID: 6486489036943273883}
  m_LocalRotation: {x: 0, y: 0, z: 0, w: 1}
  m_LocalPosition: {x: 6.71, y: -8.73, z: -2.9406176}
  m_LocalScale: {x: 5, y: 1, z: 1}
  m_Children: []
  m_Father: {fileID: 0}
  m_RootOrder: 0
  m_LocalEulerAnglesHint: {x: 0, y: 0, z: 0}
--- !u!212 &5969402864128519537
SpriteRenderer:
  m_ObjectHideFlags: 0
  m_CorrespondingSourceObject: {fileID: 0}
  m_PrefabInstance: {fileID: 0}
  m_PrefabAsset: {fileID: 0}
  m_GameObject: {fileID: 6486489036943273883}
  m_Enabled: 1
  m_CastShadows: 0
  m_ReceiveShadows: 0
  m_DynamicOccludee: 1
  m_MotionVectors: 1
  m_LightProbeUsage: 1
  m_ReflectionProbeUsage: 1
  m_RenderingLayerMask: 1
  m_RendererPriority: 0
  m_Materials:
  - {fileID: 10754, guid: 0000000000000000f000000000000000, type: 0}
  m_StaticBatchInfo:
    firstSubMesh: 0
    subMeshCount: 0
  m_StaticBatchRoot: {fileID: 0}
  m_ProbeAnchor: {fileID: 0}
  m_LightProbeVolumeOverride: {fileID: 0}
  m_ScaleInLightmap: 1
  m_PreserveUVs: 0
  m_IgnoreNormalsForChartDetection: 0
  m_ImportantGI: 0
  m_StitchLightmapSeams: 1
  m_SelectedEditorRenderState: 0
  m_MinimumChartSize: 4
  m_AutoUVMaxDistance: 0.5
  m_AutoUVMaxAngle: 89
  m_LightmapParameters: {fileID: 0}
  m_SortingLayerID: 0
  m_SortingLayer: 0
  m_SortingOrder: 0
  m_Sprite: {fileID: 21300000, guid: 9cb3c85249131cf46ab779699ba38908, type: 3}
  m_Color: {r: 1, g: 1, b: 1, a: 1}
  m_FlipX: 0
  m_FlipY: 0
  m_DrawMode: 0
  m_Size: {x: 1, y: 1}
  m_AdaptiveModeThreshold: 0.5
  m_SpriteTileMode: 0
  m_WasSpriteAssigned: 1
  m_MaskInteraction: 0
  m_SpriteSortPoint: 0
--- !u!114 &734277168417802072
MonoBehaviour:
  m_ObjectHideFlags: 0
  m_CorrespondingSourceObject: {fileID: 0}
  m_PrefabInstance: {fileID: 0}
  m_PrefabAsset: {fileID: 0}
  m_GameObject: {fileID: 6486489036943273883}
  m_Enabled: 1
  m_EditorHideFlags: 0
  m_Script: {fileID: 11500000, guid: 199d9d74faa736848857a03fd7e0f268, type: 3}
  m_Name: 
  m_EditorClassIdentifier: 
--- !u!60 &1445658699468014209
PolygonCollider2D:
  m_ObjectHideFlags: 0
  m_CorrespondingSourceObject: {fileID: 0}
  m_PrefabInstance: {fileID: 0}
  m_PrefabAsset: {fileID: 0}
  m_GameObject: {fileID: 6486489036943273883}
  m_Enabled: 1
  m_Density: 1
  m_Material: {fileID: 6200000, guid: d3482aa4e9c217946b355033b2aaf66d, type: 2}
  m_IsTrigger: 0
  m_UsedByEffector: 0
  m_UsedByComposite: 0
  m_Offset: {x: 0, y: 0}
  m_SpriteTilingProperty:
    border: {x: 0, y: 0, z: 0, w: 0}
    pivot: {x: 0.5, y: 0.5}
    oldSize: {x: 1, y: 1}
    newSize: {x: 1, y: 1}
    adaptiveTilingThreshold: 0.5
    drawMode: 0
    adaptiveTiling: 0
  m_AutoTiling: 0
  m_Points:
    m_Paths:
    - - {x: -0.503348, y: -0.4891472}
      - {x: -0.51841223, y: -0.4471016}
      - {x: -0.5367268, y: -0.34123325}
      - {x: -0.5296346, y: -0.2348957}
      - {x: -0.527266, y: 0.011137962}
      - {x: -0.52146655, y: 0.20023346}
      - {x: -0.508039, y: 0.37206078}
      - {x: -0.481071, y: 0.46693516}
      - {x: -0.4463422, y: 0.5055599}
      - {x: -0.3250659, y: 0.4623413}
      - {x: -0.24019967, y: 0.46981812}
      - {x: -0.16861077, y: 0.45344162}
      - {x: -0.15720454, y: 0.47937107}
      - {x: -0.119399264, y: 0.46964836}
      - {x: -0.0697917, y: 0.47708035}
      - {x: 0.06462832, y: 0.44998932}
      - {x: 0.18234053, y: 0.48305798}
      - {x: 0.2663866, y: 0.48319817}
      - {x: 0.3437744, y: 0.48328304}
      - {x: 0.3845419, y: 0.43975925}
      - {x: 0.45283413, y: 0.40337753}
      - {x: 0.48328266, y: 0.3090248}
      - {x: 0.49606058, y: 0.24163437}
      - {x: 0.52565783, y: -0.038339615}
      - {x: 0.54213965, y: -0.26195526}
      - {x: 0.52655375, y: -0.49650097}
      - {x: 0.49816036, y: -0.48160553}
--- !u!50 &5451961256596320460
Rigidbody2D:
  serializedVersion: 4
  m_ObjectHideFlags: 0
  m_CorrespondingSourceObject: {fileID: 0}
  m_PrefabInstance: {fileID: 0}
  m_PrefabAsset: {fileID: 0}
  m_GameObject: {fileID: 6486489036943273883}
  m_BodyType: 1
  m_Simulated: 1
  m_UseFullKinematicContacts: 0
  m_UseAutoMass: 0
  m_Mass: 1
  m_LinearDrag: 0
  m_AngularDrag: 0.05
  m_GravityScale: 1
  m_Material: {fileID: 6200000, guid: d3482aa4e9c217946b355033b2aaf66d, type: 2}
  m_Interpolate: 0
  m_SleepingMode: 1
  m_CollisionDetection: 1
  m_Constraints: 6
